@online{acm-award,
author = {{Association for Computing Machinery}},
title = {ACM HONORS CREATOR OF LANDMARK SOFTWARE TOOL},
year = {2004},
note = {\url{https://web.archive.org/web/20061213153355/http://www.acm.org/announcements/softwaresystemaward.3-24-04.html}},

}

@online{ms-nmake,
author = {Microsoft},
title = {NMAKE Reference},
year = {2024},
note = {\url{https://learn.microsoft.com/en-us/cpp/build/reference/nmake-reference}},
date = {2025-01-12}}

@online{dmake,
author = {Jim Jagielski},
title = {DMAKE},
year = {2022},
note = {\url{https://jimjag.github.io/dmake}}
}

@online{jobserver-impl,
author = {Paul D. Smith},
title = {Jobserver Implementation},
note = {\url{https://make.mad-scientist.net/papers/jobserver-implementation/}}
}

@online{make-manual,
author = {{Free Software Foundation, Inc.}},
title = {GNU make},
note = {\url{https://www.gnu.org/software/make/manual/make.html}}
}

@inproceedings{Miller2008RecursiveMC,
  title={Recursive Make Considered Harmful},
  author={Peter Miller},
  year={2008},
  url={https://api.semanticscholar.org/CorpusID:54117644}
}

@online{ms-semaphore,
author = {Microsoft},
title = {CreateSemaphoreA function (winbase.h)},
year = {2022},
note = {\url{https://learn.microsoft.com/en-us/windows/win32/api/winbase/nf-winbase-createsemaphorea}},
date = {2025-01-12}}